@inproceedings{edwards2013kokkos,
  title={Kokkos: Enabling performance portability across manycore architectures},
  author={Edwards, H Carter and Trott, Christian R},
  booktitle={Extreme Scaling Workshop (XSW), 2013},
  pages={18--24},
  year={2013},
  organization={IEEE}
}
